<?xml version="1.0" encoding="UTF-8"?><record xmlns="http://www.loc.gov/MARC21/slim" xmlns:cinclude="http://apache.org/cocoon/include/1.0" xmlns:zs="http://www.loc.gov/zing/srw/">
  <leader>00376cz  a2200121n  4500</leader>
  <controlfield tag="001">n  97069056 </controlfield>
  <controlfield tag="003">DLC</controlfield>
  <controlfield tag="005">19970709092227.3</controlfield>
  <controlfield tag="008">970709n| acannaab|          |n aaa |||  </controlfield>
  <datafield tag="010" ind1=" " ind2=" ">
    <subfield code="a">n  97069056 </subfield>
  </datafield>
  <datafield tag="040" ind1=" " ind2=" ">
    <subfield code="a">DLC</subfield>
    <subfield code="c">DLC</subfield>
    <subfield code="d">DLC</subfield>
  </datafield>
  <datafield tag="100" ind1="1" ind2="0">
    <subfield code="a">Headworth, Howard</subfield>
  </datafield>
  <datafield tag="670" ind1=" " ind2=" ">
    <subfield code="a">Spanish/English &amp; English/Spanish dictionary of environmetal ... 1997:</subfield>
    <subfield code="b">CIP t.p. (Howard Headworth, AlmeriĚa, Spain)</subfield>
  </datafield>
</record>